<record><leader>00000cas a22000007a 4500</leader><controlfield tag="001">11986195</controlfield><controlfield tag="008">850501d19001904ksuwr ne      0    0eng d</controlfield><controlfield tag="009">3789</controlfield><datafield ind1=" " ind2=" " tag="010"><subfield code="a">sn 85031291 </subfield></datafield><datafield ind1=" " ind2=" " tag="040"><subfield code="a">KSH</subfield><subfield code="b">eng</subfield><subfield code="c">KSH</subfield><subfield code="d">NPT</subfield><subfield code="d">AGL</subfield><subfield code="d">DLC</subfield><subfield code="d">OCLCQ</subfield></datafield><datafield ind1="1" ind2=" " tag="029"><subfield code="a">AU@</subfield><subfield code="b">000020378918</subfield></datafield><datafield ind1=" " ind2=" " tag="042"><subfield code="a">msc</subfield></datafield><datafield ind1="0" ind2=" " tag="070"><subfield code="a">S521.5.A2K36</subfield></datafield><datafield ind1=" " ind2="0" tag="072"><subfield code="a">F000</subfield></datafield><datafield ind1=" " ind2="0" tag="072"><subfield code="a">L000</subfield></datafield><datafield ind1=" " ind2="0" tag="072"><subfield code="a">U000</subfield></datafield><datafield ind1="0" ind2=" " tag="130"><subfield code="a">Rural Kansan (Seneca, Kan.)</subfield></datafield><datafield ind1="0" ind2="4" tag="245"><subfield code="a">The rural Kansan.</subfield></datafield><datafield ind1=" " ind2=" " tag="260"><subfield code="a">Seneca, Kan. :</subfield><subfield code="b">E.L. Miller</subfield></datafield><datafield ind1=" " ind2=" " tag="300"><subfield code="a">v. :</subfield><subfield code="b">ill. ;</subfield><subfield code="c">40 cm.</subfield></datafield><datafield ind1=" " ind2=" " tag="310"><subfield code="a">Weekly</subfield></datafield><datafield ind1="0" ind2=" " tag="362"><subfield code="a">Vol. 1, no. 28 (June 7, 1900)-v. 6, no. 3 (Dec. 15, 1904).</subfield></datafield><datafield ind1=" " ind2=" " tag="500"><subfield code="a">"Agriculture and horticulture."</subfield></datafield><datafield ind1=" " ind2="3" tag="650"><subfield code="a">Agriculture</subfield><subfield code="z">United States</subfield><subfield code="v">Periodicals.</subfield></datafield><datafield ind1=" " ind2="3" tag="650"><subfield code="a">Farm life</subfield><subfield code="z">United States</subfield><subfield code="v">Periodicals.</subfield></datafield><datafield ind1=" " ind2=" " tag="752"><subfield code="a">United States</subfield><subfield code="b">Kansas</subfield><subfield code="c">Nemaha</subfield><subfield code="d">Seneca.</subfield></datafield><datafield ind1="0" ind2="0" tag="780"><subfield code="t">Commercial (Sabetha, Kan.)</subfield><subfield code="w">(DLC)sn 85031290</subfield></datafield><datafield ind1="0" ind2="0" tag="785"><subfield code="t">Nemaha Kansan</subfield><subfield code="w">(DLC)sn 85031328</subfield></datafield></record>